<record><leader>00000cas a22000007a 4500</leader><controlfield tag="001">29710992</controlfield><controlfield tag="008">940131c19uu9999iaudx ne      0   a0eng c</controlfield><datafield ind1=" " ind2=" " tag="010"><subfield code="a">sn 94002316 </subfield></datafield><datafield ind1=" " ind2=" " tag="040"><subfield code="a">NSD</subfield><subfield code="b">eng</subfield><subfield code="c">NSD</subfield><subfield code="d">OCLCQ</subfield></datafield><datafield ind1=" " ind2=" " tag="012"><subfield code="m">1</subfield></datafield><datafield ind1="1" ind2=" " tag="022"><subfield code="a">1074-4487</subfield><subfield code="l">1074-4487</subfield><subfield code="2">1</subfield></datafield><datafield ind1=" " ind2=" " tag="032"><subfield code="a">403100</subfield><subfield code="b">USPS</subfield></datafield><datafield ind1=" " ind2=" " tag="037"><subfield code="b">Daily Register, 25 1st St. S.E., Oelwein, IA 50662</subfield></datafield><datafield ind1=" " ind2=" " tag="042"><subfield code="a">nsdp</subfield><subfield code="a">pcc</subfield></datafield><datafield ind1="0" ind2=" " tag="130"><subfield code="a">Daily register (Oelwein, Iowa)</subfield></datafield><datafield ind1=" " ind2="0" tag="222"><subfield code="a">Daily register</subfield><subfield code="b">(Oelwein, Iowa)</subfield></datafield><datafield ind1="1" ind2="0" tag="245"><subfield code="a">Daily register.</subfield></datafield><datafield ind1=" " ind2=" " tag="260"><subfield code="a">Oelwein, Iowa :</subfield><subfield code="b">Daily Register</subfield></datafield><datafield ind1=" " ind2=" " tag="300"><subfield code="a">v.</subfield></datafield><datafield ind1=" " ind2=" " tag="310"><subfield code="a">Daily (except Sunday and holidays)</subfield></datafield><datafield ind1=" " ind2=" " tag="588"><subfield code="a">Description based on: Vol. 110, no. 284 (Dec. 3, 1993).</subfield></datafield><datafield ind1="0" ind2="0" tag="780"><subfield code="t">Register (Oelwein, Iowa)</subfield><subfield code="w">(DLC)sn 87058389</subfield><subfield code="w">(OCoLC)16069459</subfield></datafield></record>